<?xml version="1.0" encoding="UTF-8"?><collection xmlns="http://www.loc.gov/MARC21/slim"><record><leader>00399nam--2200145-i-4500</leader><controlfield tag="001">000012881</controlfield><controlfield tag="002">20161230</controlfield><controlfield tag="005">20161230201030</controlfield><controlfield tag="008">060222s1000------------r-----000-0-eng-d</controlfield><datafield ind1=" " ind2=" " tag="080"><subfield code="a">517.546.1:517.547.2</subfield></datafield><datafield ind1=" " ind2=" " tag="245"><subfield code="a">Complex analysis</subfield></datafield><datafield ind1=" " ind2=" " tag="260"><subfield code="a">New York, Marcel Dekker, Inc., 1978 Xii + 177 P</subfield></datafield><datafield ind1=" " ind2=" " tag="490"><subfield code="a">Lecture Notes In Pure And Applied Mathematics</subfield></datafield><datafield ind1=" " ind2=" " tag="700"><subfield code="a">Sanford S.Miller</subfield></datafield><datafield ind1=" " ind2=" " tag="852"><subfield code="a">46568</subfield></datafield></record></collection>